@article{zhang2015,
 author = {Zhang, Zhifei},
 title = {Image Noise: Detection, Measurement, and Removal Techniques},
 year = {2015},
}

@article{abreu1996,
 Author = {E. Abreu and M. Lightstone and S. K. Mitra and K. Arakawa},
 Title = {A New Efficient Approach for the Removal of Impulse Noise from Highly Corrupted Images},
 Journal = {IEEE Transactions on Image Processing},
 Volume = {5},
 Number = {6},
 Pages = {1012-1025},
 Month = {June},
 Year = {1996},
 Doi = {10.1109/83.503916},
}

@article{nikolova2004,
 Author = {Nikolova, M.},
 Title = {A Variational Approach to Remove Outliers and Impulse Noise},
 Journal = {Journal of Mathematical Imaging and Vision},
 Volume = {20},
 Pages = {99-120},
 Year = {2004},
 Doi = {https://doi.org/10.1023/B:JMIV.0000011326.88682.e5},
}

@article{chan2005,
 Author = {Raymond Chan and Chung-Wa Ho and Mila Nikolova},
 Title = {Salt-and-Pepper Noise Removal by Median-Type Noise Detectors and Detail-Preserving Regularization},
 Journal = {IEEE Transactions on Image Processing},
 Volume = {14},
 Number = {10},
 Pages = {1479-1485},
 Year = {2005},
 Doi = {10.1109/TIP.2005.852196},
}

@article{huang2021,
 Author = {Keya Huang and Hairong Zhu},
 Title = {Image Noise Removal Method Based on Improved Nonlocal Mean Algorithm},
 Journal = {Complexity},
 Volume = {2021},
 Pages = {Article ID 5578788, 10 pages},
 Year = {2021},
 Doi = {10.1155/2021/5578788},
}

@article{chan2005-2,
 Author = {R. H. Chan and C.-W. Ho and M. Nikolova},
 Title = {Salt-and-Pepper Noise Removal by Median-Type Noise Detectors and Detail-Preserving Regularization},
 Journal = {IEEE Transactions on Image Processing},
 Volume = {14},
 Number = {10},
 Pages = {1479-1485},
 Year = {2005},
}

@misc{sipi_misc,
 author = {USC Signal and Image Processing Institute},
 title = {{SIPI Image Database}},
 howpublished = "\url{https://sipi.usc.edu/database/database.php?volume=misc}",
 year = {2023},
 note = "[Online; accessed 18-October-2023]"
}